@article{hickox2011clustering,
  title={Clustering of obscured and unobscured quasars in the Bo{\"o}tes field: Placing rapidly growing black holes in the cosmic web},
  author={Hickox, Ryan C and Myers, Adam D and Brodwin, Mark and Alexander, David M and Forman, William R and Jones, Christine and Murray, Stephen S and Brown, Michael JI and Cool, Richard J and Kochanek, Christopher S and others},
  journal={The Astrophysical Journal},
  volume={731},
  number={2},
  pages={117},
  year={2011},
  publisher={IOP Publishing}
}

@article{riechers2019coldz,
  title={COLDz: Shape of the CO Luminosity Function at High Redshift and the Cold Gas History of the Universe},
  author={Riechers, Dominik A and Pavesi, Riccardo and Sharon, Chelsea E and Hodge, Jacqueline A and Decarli, Roberto and Walter, Fabian and Carilli, Christopher L and Aravena, Manuel and Da Cunha, Elisabete and Daddi, Emanuele and others},
  journal={The Astrophysical Journal},
  volume={872},
  number={1},
  pages={7},
  year={2019},
  publisher={IOP Publishing}
}

@article{pavesi2018co,
  title={The CO Luminosity Density at High-z (COLDz) Survey: A Sensitive, Large-area Blind Search for Low-J CO Emission from Cold Gas in the Early Universe with the Karl G. Jansky Very Large Array},
  author={Pavesi, Riccardo and Sharon, Chelsea E and Riechers, Dominik A and Hodge, Jacqueline A and Decarli, Roberto and Walter, Fabian and Carilli, Chris L and Daddi, Emanuele and Smail, Ian and Dickinson, Mark and others},
  journal={The Astrophysical Journal},
  volume={864},
  number={1},
  pages={49},
  year={2018},
  publisher={IOP Publishing}
}

@article{franco2018goods,
  title={GOODS-ALMA: 1.1 mm galaxy survey-I. Source catalog and optically dark galaxies},
  author={Franco, M and Elbaz, D and B{\'e}thermin, M and Magnelli, B and Schreiber, C and Ciesla, L and Dickinson, M and Nagar, N and Silverman, J and Daddi, E and others},
  journal={Astronomy \& Astrophysics},
  volume={620},
  pages={A152},
  year={2018},
  publisher={EDP Sciences}
}

@article{walter2016alma,
  title={ALMA spectroscopic survey in the Hubble Ultra Deep Field: survey description},
  author={Walter, Fabian and Decarli, Roberto and Aravena, Manuel and Carilli, Chris and Bouwens, Rychard and Da Cunha, Elisabete and Daddi, Emanuele and Ivison, Robert J and Riechers, Dominik and Smail, Ian and others},
  journal={The Astrophysical Journal},
  volume={833},
  number={1},
  pages={67},
  year={2016},
  publisher={IOP Publishing}
}

@article{aravena2016alma,
  title={ALMA spectroscopic survey in the hubble ultra deep field: Search for [CII] line and dust emission in 6< z< 8 galaxies},
  author={Aravena, M and Decarli, Roberto and Walter, F and Bouwens, R and Oesch, PA and Carilli, CL and Bauer, FE and Da Cunha, Elisabete and Daddi, E and G{\'o}nzalez-L{\'o}pez, J and others},
  journal={arXiv preprint arXiv:1607.06772},
  year={2016}
}

@article{da2008simple,
  title={A simple model to interpret the ultraviolet, optical and infrared emission from galaxies},
  author={Da Cunha, Elisabete and Charlot, St{\'e}phane and Elbaz, David},
  journal={Monthly Notices of the Royal Astronomical Society},
  volume={388},
  number={4},
  pages={1595--1617},
  year={2008},
  publisher={Blackwell Publishing Ltd Oxford, UK}
}

@article{da2015alma,
  title={An ALMA survey of sub-millimeter galaxies in the extended Chandra deep field south: physical properties derived from ultraviolet-to-radio modeling},
  author={da Cunha, Elisabete and Walter, Fabian and Smail, IR and Swinbank, AM and Simpson, JM and Decarli, Roberto and Hodge, JA and Weiss, Axel and van der Werf, PP and Bertoldi, Frank and others},
  journal={The Astrophysical Journal},
  volume={806},
  number={1},
  pages={110},
  year={2015},
  publisher={IOP Publishing}
}

@article{momcheva20163d,
  title={The 3D-HST Survey: Hubble Space Telescope WFC3/G141 grism spectra, redshifts, and emission line measurements for~ 100,000 galaxies},
  author={Momcheva, Ivelina G and Brammer, Gabriel B and Van Dokkum, Pieter G and Skelton, Rosalind E and Whitaker, Katherine E and Nelson, Erica J and Fumagalli, Mattia and Maseda, Michael V and Leja, Joel and Franx, Marijn and others},
  journal={The Astrophysical Journal Supplement Series},
  volume={225},
  number={2},
  pages={27},
  year={2016},
  publisher={IOP Publishing}
}

@article{skelton20143d,
  title={3D-HST WFC3-selected photometric catalogs in the five CANDELS/3D-HST fields: photometry, photometric redshifts, and stellar masses},
  author={Skelton, Rosalind E and Whitaker, Katherine E and Momcheva, Ivelina G and Brammer, Gabriel B and van Dokkum, Pieter G and Labbe, Ivo and Franx, Marijn and van der Wel, Arjen and Bezanson, Rachel and Da Cunha, Elisabete and others},
  journal={The Astrophysical Journal Supplement Series},
  volume={214},
  number={2},
  pages={24},
  year={2014},
  publisher={IOP Publishing}
}

@article{decarli2019alma,
  title={The ALMA Spectroscopic Survey in the HUDF: CO luminosity functions and the molecular gas content of galaxies through cosmic history},
  author={Decarli, Roberto and Walter, Fabian and G{\'o}nzalez-L{\'o}pez, Jorge and Aravena, Manuel and Boogaard, Leindert and Carilli, Chris and Cox, Pierre and Daddi, Emanuele and Popping, Gerg{\"o} and Riechers, Dominik and others},
  journal={arXiv preprint arXiv:1903.09164},
  year={2019}
}

@article{decarli2016alma,
  title={ALMA spectroscopic survey in the Hubble Ultra Deep Field: CO luminosity functions and the evolution of the cosmic density of molecular gas},
  author={Decarli, Roberto and Walter, Fabian and Aravena, Manuel and Carilli, Chris and Bouwens, Rychard and Da Cunha, Elisabete and Daddi, Emanuele and Ivison, Robert J and Popping, Gerg{\"o} and Riechers, Dominik and others},
  journal={The Astrophysical Journal},
  volume={833},
  number={1},
  pages={69},
  year={2016},
  publisher={IOP Publishing}
}

@article{gonzalez2019alma,
  title={The ALMA Spectroscopic Survey in the HUDF: CO emission lines and 3 mm continuum sources},
  author={Gonz{\'a}lez-L{\'o}pez, Jorge and Decarli, Roberto and Pavesi, Ricardo and Walter, Fabian and Aravena, Manuel and Carilli, Chris and Boogaard, Leindert and Popping, Gerg{\"o} and Weiss, Axel and Assef, Roberto J and others},
  journal={arXiv preprint arXiv:1903.09161},
  year={2019}
}

@article{madau2014cosmic,
  title={Cosmic star-formation history},
  author={Madau, Piero and Dickinson, Mark},
  journal={Annual Review of Astronomy and Astrophysics},
  volume={52},
  pages={415--486},
  year={2014},
  publisher={Annual Reviews}
}

@article{schreiber2015herschel,
  title={The Herschel view of the dominant mode of galaxy growth from z= 4 to the present day},
  author={Schreiber, Corentin and Pannella, Maurilio and Elbaz, David and B{\'e}thermin, Matthieu and Inami, Hanae and Dickinson, M and Magnelli, Benjamin and Wang, Tao and Aussel, Herv{\'e} and Daddi, Emanuele and others},
  journal={Astronomy \& Astrophysics},
  volume={575},
  pages={A74},
  year={2015},
  publisher={EDP Sciences}
}

@article{ade2016planck,
  title={Planck 2015 results-xiii. cosmological parameters},
  author={Ade, Peter AR and Aghanim, N and Arnaud, M and Ashdown, M and Aumont, J and Baccigalupi, C and Banday, AJ and Barreiro, RB and Bartlett, JG and Bartolo, N and others},
  journal={Astronomy \& Astrophysics},
  volume={594},
  pages={A13},
  year={2016},
  publisher={EDP sciences}
}

@article{pavesi2018co,
  title={The CO Luminosity Density at High-z (COLDz) Survey: A Sensitive, Large-area Blind Search for Low-J CO Emission from Cold Gas in the Early Universe with the Karl G. Jansky Very Large Array},
  author={Pavesi, Riccardo and Sharon, Chelsea E and Riechers, Dominik A and Hodge, Jacqueline A and Decarli, Roberto and Walter, Fabian and Carilli, Chris L and Daddi, Emanuele and Smail, Ian and Dickinson, Mark and others},
  journal={The Astrophysical Journal},
  volume={864},
  number={1},
  pages={49},
  year={2018},
  publisher={IOP Publishing}
}

@article{decarli2014molecular,
  title={A molecular line scan in the Hubble Deep Field North},
  author={Decarli, R and Walter, F and Carilli, C and Riechers, D and Cox, P and Neri, R and Aravena, M and Bell, E and Bertoldi, F and Colombo, D and others},
  journal={The Astrophysical Journal},
  volume={782},
  number={2},
  pages={78},
  year={2014},
  publisher={IOP Publishing}
}